@article{becker2005visual,
  author = {Becker, R. and Ritter, P. and Moosmann, M. and Villringer, A.},
  title = {Visual evoked potentials recovered from fMRI scan periods},
  journal = {Human Brain Mapping},
  volume = {26},
  number = {3},
  pages = {221--230},
  year = {2005}
}

@inproceedings{lightfoot2016summary,
	author = {Lightfoot, G.},
	title = {Summary of the N1-P2 cortical auditory evoked potential to estimate the auditory threshold in adults},
	booktitle = {Seminars in Hearing},
	volume = {37},
	number = {01},
	pages = {001--008},
	year = {2016},
	publisher = {Thieme Medical Publishers}
}
